@article{Kitchenham2004,
  author = {Kitchenham, Barbara},
  title = {{Procedures for Performing Systematic Reviews}},
  year = {2004}
}


